%YAML 1.1
%TAG !u! tag:unity3d.com,2011:
--- !u!1001 &525046012770913470
PrefabInstance:
  m_ObjectHideFlags: 0
  serializedVersion: 2
  m_Modification:
    m_TransformParent: {fileID: 0}
    m_Modifications:
    - target: {fileID: 1785032492178884222, guid: 102f4d64c4b2e1b88bbd9673a62d6ea2, type: 3}
      propertyPath: m_Enabled
      value: 1
      objectReference: {fileID: 0}
    - target: {fileID: 3186982138446164366, guid: 102f4d64c4b2e1b88bbd9673a62d6ea2, type: 3}
      propertyPath: playerColor.a
      value: 0.7058824
      objectReference: {fileID: 0}
    - target: {fileID: 3186982138446164366, guid: 102f4d64c4b2e1b88bbd9673a62d6ea2, type: 3}
      propertyPath: playerColor.b
      value: 0.7264151
      objectReference: {fileID: 0}
    - target: {fileID: 3186982138446164366, guid: 102f4d64c4b2e1b88bbd9673a62d6ea2, type: 3}
      propertyPath: playerColor.g
      value: 0
      objectReference: {fileID: 0}
    - target: {fileID: 3186982138446164366, guid: 102f4d64c4b2e1b88bbd9673a62d6ea2, type: 3}
      propertyPath: playerColor.r
      value: 0.06988424
      objectReference: {fileID: 0}
    - target: {fileID: 3186982140078740320, guid: 102f4d64c4b2e1b88bbd9673a62d6ea2, type: 3}
      propertyPath: deadMarkerPrefab
      value: 
      objectReference: {fileID: 5802244238206466670, guid: 2983a376c6ae8f8f589e6cfbcae1ec2a, type: 3}
    - target: {fileID: 3186982140078740322, guid: 102f4d64c4b2e1b88bbd9673a62d6ea2, type: 3}
      propertyPath: m_Sprite
      value: 
      objectReference: {fileID: 21300000, guid: 53597430a651cc741b57fc79cb385843, type: 3}
    - target: {fileID: 3186982140078740322, guid: 102f4d64c4b2e1b88bbd9673a62d6ea2, type: 3}
      propertyPath: m_Color.b
      value: 1
      objectReference: {fileID: 0}
    - target: {fileID: 3186982140078740322, guid: 102f4d64c4b2e1b88bbd9673a62d6ea2, type: 3}
      propertyPath: m_Color.g
      value: 1
      objectReference: {fileID: 0}
    - target: {fileID: 3186982140078740322, guid: 102f4d64c4b2e1b88bbd9673a62d6ea2, type: 3}
      propertyPath: m_Color.r
      value: 1
      objectReference: {fileID: 0}
    - target: {fileID: 3186982140078740323, guid: 102f4d64c4b2e1b88bbd9673a62d6ea2, type: 3}
      propertyPath: m_RootOrder
      value: 0
      objectReference: {fileID: 0}
    - target: {fileID: 3186982140078740323, guid: 102f4d64c4b2e1b88bbd9673a62d6ea2, type: 3}
      propertyPath: m_LocalPosition.x
      value: 0
      objectReference: {fileID: 0}
    - target: {fileID: 3186982140078740323, guid: 102f4d64c4b2e1b88bbd9673a62d6ea2, type: 3}
      propertyPath: m_LocalPosition.y
      value: 0
      objectReference: {fileID: 0}
    - target: {fileID: 3186982140078740323, guid: 102f4d64c4b2e1b88bbd9673a62d6ea2, type: 3}
      propertyPath: m_LocalPosition.z
      value: 0
      objectReference: {fileID: 0}
    - target: {fileID: 3186982140078740323, guid: 102f4d64c4b2e1b88bbd9673a62d6ea2, type: 3}
      propertyPath: m_LocalRotation.w
      value: 1
      objectReference: {fileID: 0}
    - target: {fileID: 3186982140078740323, guid: 102f4d64c4b2e1b88bbd9673a62d6ea2, type: 3}
      propertyPath: m_LocalRotation.x
      value: 0
      objectReference: {fileID: 0}
    - target: {fileID: 3186982140078740323, guid: 102f4d64c4b2e1b88bbd9673a62d6ea2, type: 3}
      propertyPath: m_LocalRotation.y
      value: 0
      objectReference: {fileID: 0}
    - target: {fileID: 3186982140078740323, guid: 102f4d64c4b2e1b88bbd9673a62d6ea2, type: 3}
      propertyPath: m_LocalRotation.z
      value: 0
      objectReference: {fileID: 0}
    - target: {fileID: 3186982140078740323, guid: 102f4d64c4b2e1b88bbd9673a62d6ea2, type: 3}
      propertyPath: m_LocalEulerAnglesHint.x
      value: 0
      objectReference: {fileID: 0}
    - target: {fileID: 3186982140078740323, guid: 102f4d64c4b2e1b88bbd9673a62d6ea2, type: 3}
      propertyPath: m_LocalEulerAnglesHint.y
      value: 0
      objectReference: {fileID: 0}
    - target: {fileID: 3186982140078740323, guid: 102f4d64c4b2e1b88bbd9673a62d6ea2, type: 3}
      propertyPath: m_LocalEulerAnglesHint.z
      value: 0
      objectReference: {fileID: 0}
    - target: {fileID: 3186982140078740325, guid: 102f4d64c4b2e1b88bbd9673a62d6ea2, type: 3}
      propertyPath: m_SpriteTilingProperty.oldSize.x
      value: 3.5
      objectReference: {fileID: 0}
    - target: {fileID: 3186982140078740325, guid: 102f4d64c4b2e1b88bbd9673a62d6ea2, type: 3}
      propertyPath: m_SpriteTilingProperty.oldSize.y
      value: 3.5
      objectReference: {fileID: 0}
    - target: {fileID: 3186982140078740327, guid: 102f4d64c4b2e1b88bbd9673a62d6ea2, type: 3}
      propertyPath: m_Name
      value: player_cyclops
      objectReference: {fileID: 0}
    - target: {fileID: 3186982140078740350, guid: 102f4d64c4b2e1b88bbd9673a62d6ea2, type: 3}
      propertyPath: m_ActionEvents.Array.size
      value: 10
      objectReference: {fileID: 0}
    - target: {fileID: 3186982140078740350, guid: 102f4d64c4b2e1b88bbd9673a62d6ea2, type: 3}
      propertyPath: m_ActionEvents.Array.data[9].m_ActionId
      value: 59894b60-e6a9-482c-9c6c-45ba6ca33637
      objectReference: {fileID: 0}
    - target: {fileID: 3186982140078740350, guid: 102f4d64c4b2e1b88bbd9673a62d6ea2, type: 3}
      propertyPath: m_ActionEvents.Array.data[9].m_ActionName
      value: Menu Controls/Join_Right[/Gamepad/rightShoulder]
      objectReference: {fileID: 0}
    - target: {fileID: 3186982140078740351, guid: 102f4d64c4b2e1b88bbd9673a62d6ea2, type: 3}
      propertyPath: sprite
      value: 
      objectReference: {fileID: 1660490461349929200}
    - target: {fileID: 3186982140078740351, guid: 102f4d64c4b2e1b88bbd9673a62d6ea2, type: 3}
      propertyPath: animator
      value: 
      objectReference: {fileID: 4439000002552228972}
    - target: {fileID: 3186982140078740351, guid: 102f4d64c4b2e1b88bbd9673a62d6ea2, type: 3}
      propertyPath: disableWalkAnimation
      value: 1
      objectReference: {fileID: 0}
    - target: {fileID: 4819386845218254698, guid: 102f4d64c4b2e1b88bbd9673a62d6ea2, type: 3}
      propertyPath: sprites.Array.size
      value: 6
      objectReference: {fileID: 0}
    - target: {fileID: 4819386845218254698, guid: 102f4d64c4b2e1b88bbd9673a62d6ea2, type: 3}
      propertyPath: sprites.Array.data[0].red
      value: 
      objectReference: {fileID: 473772315441884384, guid: 4285cd8d773a6604897ddbac8a3614ff, type: 3}
    - target: {fileID: 4819386845218254698, guid: 102f4d64c4b2e1b88bbd9673a62d6ea2, type: 3}
      propertyPath: sprites.Array.data[1].red
      value: 
      objectReference: {fileID: -5036549306041059825, guid: 4285cd8d773a6604897ddbac8a3614ff, type: 3}
    - target: {fileID: 4819386845218254698, guid: 102f4d64c4b2e1b88bbd9673a62d6ea2, type: 3}
      propertyPath: sprites.Array.data[2].red
      value: 
      objectReference: {fileID: -768671700401450216, guid: 4285cd8d773a6604897ddbac8a3614ff, type: 3}
    - target: {fileID: 4819386845218254698, guid: 102f4d64c4b2e1b88bbd9673a62d6ea2, type: 3}
      propertyPath: sprites.Array.data[3].red
      value: 
      objectReference: {fileID: 7242715584210399882, guid: 4285cd8d773a6604897ddbac8a3614ff, type: 3}
    - target: {fileID: 4819386845218254698, guid: 102f4d64c4b2e1b88bbd9673a62d6ea2, type: 3}
      propertyPath: sprites.Array.data[4].red
      value: 
      objectReference: {fileID: -4988355311547959254, guid: 4285cd8d773a6604897ddbac8a3614ff, type: 3}
    - target: {fileID: 4819386845218254698, guid: 102f4d64c4b2e1b88bbd9673a62d6ea2, type: 3}
      propertyPath: sprites.Array.data[5].red
      value: 
      objectReference: {fileID: -3231291032323414773, guid: 4285cd8d773a6604897ddbac8a3614ff, type: 3}
    - target: {fileID: 4819386845218254698, guid: 102f4d64c4b2e1b88bbd9673a62d6ea2, type: 3}
      propertyPath: sprites.Array.data[6].red
      value: 
      objectReference: {fileID: 8619924695822108402, guid: c393cfb3acb9758259bc47041e904f46, type: 3}
    - target: {fileID: 4819386845218254698, guid: 102f4d64c4b2e1b88bbd9673a62d6ea2, type: 3}
      propertyPath: sprites.Array.data[7].red
      value: 
      objectReference: {fileID: -3120366892911103431, guid: c393cfb3acb9758259bc47041e904f46, type: 3}
    - target: {fileID: 4819386845218254698, guid: 102f4d64c4b2e1b88bbd9673a62d6ea2, type: 3}
      propertyPath: sprites.Array.data[0].blue
      value: 
      objectReference: {fileID: 2326475726048426135, guid: 614aad7780eb8214caa938f149317790, type: 3}
    - target: {fileID: 4819386845218254698, guid: 102f4d64c4b2e1b88bbd9673a62d6ea2, type: 3}
      propertyPath: sprites.Array.data[1].blue
      value: 
      objectReference: {fileID: -2884338133933777101, guid: 614aad7780eb8214caa938f149317790, type: 3}
    - target: {fileID: 4819386845218254698, guid: 102f4d64c4b2e1b88bbd9673a62d6ea2, type: 3}
      propertyPath: sprites.Array.data[2].blue
      value: 
      objectReference: {fileID: -5029445907559531456, guid: 614aad7780eb8214caa938f149317790, type: 3}
    - target: {fileID: 4819386845218254698, guid: 102f4d64c4b2e1b88bbd9673a62d6ea2, type: 3}
      propertyPath: sprites.Array.data[3].blue
      value: 
      objectReference: {fileID: 3828219864707333680, guid: 614aad7780eb8214caa938f149317790, type: 3}
    - target: {fileID: 4819386845218254698, guid: 102f4d64c4b2e1b88bbd9673a62d6ea2, type: 3}
      propertyPath: sprites.Array.data[4].blue
      value: 
      objectReference: {fileID: 7853679300773990717, guid: 614aad7780eb8214caa938f149317790, type: 3}
    - target: {fileID: 4819386845218254698, guid: 102f4d64c4b2e1b88bbd9673a62d6ea2, type: 3}
      propertyPath: sprites.Array.data[5].blue
      value: 
      objectReference: {fileID: 3439802849489297457, guid: 614aad7780eb8214caa938f149317790, type: 3}
    - target: {fileID: 4819386845218254698, guid: 102f4d64c4b2e1b88bbd9673a62d6ea2, type: 3}
      propertyPath: sprites.Array.data[6].blue
      value: 
      objectReference: {fileID: 879554146254874970, guid: cc9c2d163b60dbc41a22340f045cd1b6, type: 3}
    - target: {fileID: 4819386845218254698, guid: 102f4d64c4b2e1b88bbd9673a62d6ea2, type: 3}
      propertyPath: sprites.Array.data[7].blue
      value: 
      objectReference: {fileID: -1925383055211553659, guid: cc9c2d163b60dbc41a22340f045cd1b6, type: 3}
    - target: {fileID: 4819386845218254698, guid: 102f4d64c4b2e1b88bbd9673a62d6ea2, type: 3}
      propertyPath: sprites.Array.data[0].neural
      value: 
      objectReference: {fileID: 4961761635788059049, guid: 2ee906502b507cf4cb1c077934906360, type: 3}
    - target: {fileID: 4819386845218254698, guid: 102f4d64c4b2e1b88bbd9673a62d6ea2, type: 3}
      propertyPath: sprites.Array.data[1].neural
      value: 
      objectReference: {fileID: -8020176861332696212, guid: 2ee906502b507cf4cb1c077934906360, type: 3}
    - target: {fileID: 4819386845218254698, guid: 102f4d64c4b2e1b88bbd9673a62d6ea2, type: 3}
      propertyPath: sprites.Array.data[2].neural
      value: 
      objectReference: {fileID: -3789301750722098109, guid: 2ee906502b507cf4cb1c077934906360, type: 3}
    - target: {fileID: 4819386845218254698, guid: 102f4d64c4b2e1b88bbd9673a62d6ea2, type: 3}
      propertyPath: sprites.Array.data[3].neural
      value: 
      objectReference: {fileID: -5650029179959646283, guid: 2ee906502b507cf4cb1c077934906360, type: 3}
    - target: {fileID: 4819386845218254698, guid: 102f4d64c4b2e1b88bbd9673a62d6ea2, type: 3}
      propertyPath: sprites.Array.data[4].neural
      value: 
      objectReference: {fileID: 2507515247364976078, guid: 2ee906502b507cf4cb1c077934906360, type: 3}
    - target: {fileID: 4819386845218254698, guid: 102f4d64c4b2e1b88bbd9673a62d6ea2, type: 3}
      propertyPath: sprites.Array.data[5].neural
      value: 
      objectReference: {fileID: 7287200154889241947, guid: 2ee906502b507cf4cb1c077934906360, type: 3}
    - target: {fileID: 4819386845218254698, guid: 102f4d64c4b2e1b88bbd9673a62d6ea2, type: 3}
      propertyPath: sprites.Array.data[6].neural
      value: 
      objectReference: {fileID: 4202796989652529624, guid: 4a6700a949db456bb864d72849ec0d2a, type: 3}
    - target: {fileID: 4819386845218254698, guid: 102f4d64c4b2e1b88bbd9673a62d6ea2, type: 3}
      propertyPath: sprites.Array.data[7].neural
      value: 
      objectReference: {fileID: -2245271033303594467, guid: 4a6700a949db456bb864d72849ec0d2a, type: 3}
    - target: {fileID: 7080940828621251135, guid: 102f4d64c4b2e1b88bbd9673a62d6ea2, type: 3}
      propertyPath: glows.Array.size
      value: 2
      objectReference: {fileID: 0}
    - target: {fileID: 7080940828621251135, guid: 102f4d64c4b2e1b88bbd9673a62d6ea2, type: 3}
      propertyPath: glows.Array.data[0]
      value: 
      objectReference: {fileID: 3008200850475558976}
    - target: {fileID: 7080940828621251135, guid: 102f4d64c4b2e1b88bbd9673a62d6ea2, type: 3}
      propertyPath: glows.Array.data[1]
      value: 
      objectReference: {fileID: 7904394528943340360}
    - target: {fileID: 7960505348490970152, guid: 102f4d64c4b2e1b88bbd9673a62d6ea2, type: 3}
      propertyPath: animator
      value: 
      objectReference: {fileID: 4439000002552228972}
    - target: {fileID: 7960505348490970152, guid: 102f4d64c4b2e1b88bbd9673a62d6ea2, type: 3}
      propertyPath: teamColorRed.b
      value: 0.027450979
      objectReference: {fileID: 0}
    - target: {fileID: 7960505348490970152, guid: 102f4d64c4b2e1b88bbd9673a62d6ea2, type: 3}
      propertyPath: teamColorRed.g
      value: 0.35247427
      objectReference: {fileID: 0}
    - target: {fileID: 7960505348490970152, guid: 102f4d64c4b2e1b88bbd9673a62d6ea2, type: 3}
      propertyPath: teamColorRed.r
      value: 0.8666667
      objectReference: {fileID: 0}
    - target: {fileID: 7960505348490970152, guid: 102f4d64c4b2e1b88bbd9673a62d6ea2, type: 3}
      propertyPath: teamColorBlue.b
      value: 0.8117647
      objectReference: {fileID: 0}
    - target: {fileID: 7960505348490970152, guid: 102f4d64c4b2e1b88bbd9673a62d6ea2, type: 3}
      propertyPath: teamColorBlue.r
      value: 0.21233676
      objectReference: {fileID: 0}
    m_RemovedComponents:
    - {fileID: 0}
    - {fileID: 1785032492178884222, guid: 102f4d64c4b2e1b88bbd9673a62d6ea2, type: 3}
  m_SourcePrefab: {fileID: 100100000, guid: 102f4d64c4b2e1b88bbd9673a62d6ea2, type: 3}
--- !u!4 &1660490461349929200 stripped
Transform:
  m_CorrespondingSourceObject: {fileID: 1171615229442649166, guid: 102f4d64c4b2e1b88bbd9673a62d6ea2, type: 3}
  m_PrefabInstance: {fileID: 525046012770913470}
  m_PrefabAsset: {fileID: 0}
--- !u!1001 &1956273125479446885
PrefabInstance:
  m_ObjectHideFlags: 0
  serializedVersion: 2
  m_Modification:
    m_TransformParent: {fileID: 1660490461349929200}
    m_Modifications:
    - target: {fileID: -8653719598885068355, guid: 2ee906502b507cf4cb1c077934906360, type: 3}
      propertyPath: m_Name
      value: cyclops_neutral (1)
      objectReference: {fileID: 0}
    - target: {fileID: -8064800503979349229, guid: 2ee906502b507cf4cb1c077934906360, type: 3}
      propertyPath: m_SortingLayer
      value: 1
      objectReference: {fileID: 0}
    - target: {fileID: -8064800503979349229, guid: 2ee906502b507cf4cb1c077934906360, type: 3}
      propertyPath: m_SortingLayerID
      value: -1391314427
      objectReference: {fileID: 0}
    - target: {fileID: -7552582706839291426, guid: 2ee906502b507cf4cb1c077934906360, type: 3}
      propertyPath: m_RootOrder
      value: 0
      objectReference: {fileID: 0}
    - target: {fileID: -7552582706839291426, guid: 2ee906502b507cf4cb1c077934906360, type: 3}
      propertyPath: m_LocalScale.x
      value: 0.5
      objectReference: {fileID: 0}
    - target: {fileID: -7552582706839291426, guid: 2ee906502b507cf4cb1c077934906360, type: 3}
      propertyPath: m_LocalScale.y
      value: 0.5
      objectReference: {fileID: 0}
    - target: {fileID: -7552582706839291426, guid: 2ee906502b507cf4cb1c077934906360, type: 3}
      propertyPath: m_LocalPosition.x
      value: 0
      objectReference: {fileID: 0}
    - target: {fileID: -7552582706839291426, guid: 2ee906502b507cf4cb1c077934906360, type: 3}
      propertyPath: m_LocalPosition.y
      value: -1
      objectReference: {fileID: 0}
    - target: {fileID: -7552582706839291426, guid: 2ee906502b507cf4cb1c077934906360, type: 3}
      propertyPath: m_LocalPosition.z
      value: 0
      objectReference: {fileID: 0}
    - target: {fileID: -7552582706839291426, guid: 2ee906502b507cf4cb1c077934906360, type: 3}
      propertyPath: m_LocalRotation.w
      value: 1
      objectReference: {fileID: 0}
    - target: {fileID: -7552582706839291426, guid: 2ee906502b507cf4cb1c077934906360, type: 3}
      propertyPath: m_LocalRotation.x
      value: 0
      objectReference: {fileID: 0}
    - target: {fileID: -7552582706839291426, guid: 2ee906502b507cf4cb1c077934906360, type: 3}
      propertyPath: m_LocalRotation.y
      value: 0
      objectReference: {fileID: 0}
    - target: {fileID: -7552582706839291426, guid: 2ee906502b507cf4cb1c077934906360, type: 3}
      propertyPath: m_LocalRotation.z
      value: 0
      objectReference: {fileID: 0}
    - target: {fileID: -7552582706839291426, guid: 2ee906502b507cf4cb1c077934906360, type: 3}
      propertyPath: m_LocalEulerAnglesHint.x
      value: 0
      objectReference: {fileID: 0}
    - target: {fileID: -7552582706839291426, guid: 2ee906502b507cf4cb1c077934906360, type: 3}
      propertyPath: m_LocalEulerAnglesHint.y
      value: 0
      objectReference: {fileID: 0}
    - target: {fileID: -7552582706839291426, guid: 2ee906502b507cf4cb1c077934906360, type: 3}
      propertyPath: m_LocalEulerAnglesHint.z
      value: 0
      objectReference: {fileID: 0}
    - target: {fileID: -7221020487405985688, guid: 2ee906502b507cf4cb1c077934906360, type: 3}
      propertyPath: m_LocalPosition.x
      value: 0.7576825
      objectReference: {fileID: 0}
    - target: {fileID: -7221020487405985688, guid: 2ee906502b507cf4cb1c077934906360, type: 3}
      propertyPath: m_LocalPosition.y
      value: -0.000000019877536
      objectReference: {fileID: 0}
    - target: {fileID: -7221020487405985688, guid: 2ee906502b507cf4cb1c077934906360, type: 3}
      propertyPath: m_LocalRotation.w
      value: 0.99997485
      objectReference: {fileID: 0}
    - target: {fileID: -7221020487405985688, guid: 2ee906502b507cf4cb1c077934906360, type: 3}
      propertyPath: m_LocalRotation.y
      value: 0
      objectReference: {fileID: 0}
    - target: {fileID: -7221020487405985688, guid: 2ee906502b507cf4cb1c077934906360, type: 3}
      propertyPath: m_LocalRotation.z
      value: -0.0070906198
      objectReference: {fileID: 0}
    - target: {fileID: -7221020487405985688, guid: 2ee906502b507cf4cb1c077934906360, type: 3}
      propertyPath: m_LocalEulerAnglesHint.z
      value: 0
      objectReference: {fileID: 0}
    - target: {fileID: -7039272200639077762, guid: 2ee906502b507cf4cb1c077934906360, type: 3}
      propertyPath: m_SortingLayer
      value: 1
      objectReference: {fileID: 0}
    - target: {fileID: -7039272200639077762, guid: 2ee906502b507cf4cb1c077934906360, type: 3}
      propertyPath: m_SortingLayerID
      value: -1391314427
      objectReference: {fileID: 0}
    - target: {fileID: 1693637594012428299, guid: 2ee906502b507cf4cb1c077934906360, type: 3}
      propertyPath: m_SortingLayer
      value: 1
      objectReference: {fileID: 0}
    - target: {fileID: 1693637594012428299, guid: 2ee906502b507cf4cb1c077934906360, type: 3}
      propertyPath: m_SortingLayerID
      value: -1391314427
      objectReference: {fileID: 0}
    - target: {fileID: 1770433945857213737, guid: 2ee906502b507cf4cb1c077934906360, type: 3}
      propertyPath: m_LocalPosition.x
      value: 1.0502833
      objectReference: {fileID: 0}
    - target: {fileID: 1770433945857213737, guid: 2ee906502b507cf4cb1c077934906360, type: 3}
      propertyPath: m_LocalPosition.y
      value: -0.27104095
      objectReference: {fileID: 0}
    - target: {fileID: 1770433945857213737, guid: 2ee906502b507cf4cb1c077934906360, type: 3}
      propertyPath: m_LocalRotation.w
      value: 0.9928044
      objectReference: {fileID: 0}
    - target: {fileID: 1770433945857213737, guid: 2ee906502b507cf4cb1c077934906360, type: 3}
      propertyPath: m_LocalRotation.x
      value: 0
      objectReference: {fileID: 0}
    - target: {fileID: 1770433945857213737, guid: 2ee906502b507cf4cb1c077934906360, type: 3}
      propertyPath: m_LocalRotation.y
      value: 0
      objectReference: {fileID: 0}
    - target: {fileID: 1770433945857213737, guid: 2ee906502b507cf4cb1c077934906360, type: 3}
      propertyPath: m_LocalRotation.z
      value: 0.119747184
      objectReference: {fileID: 0}
    - target: {fileID: 1770433945857213737, guid: 2ee906502b507cf4cb1c077934906360, type: 3}
      propertyPath: m_LocalEulerAnglesHint.z
      value: 0
      objectReference: {fileID: 0}
    - target: {fileID: 4257508509235537429, guid: 2ee906502b507cf4cb1c077934906360, type: 3}
      propertyPath: m_LocalScale.x
      value: 1
      objectReference: {fileID: 0}
    - target: {fileID: 4257508509235537429, guid: 2ee906502b507cf4cb1c077934906360, type: 3}
      propertyPath: m_LocalScale.y
      value: 1
      objectReference: {fileID: 0}
    - target: {fileID: 4257508509235537429, guid: 2ee906502b507cf4cb1c077934906360, type: 3}
      propertyPath: m_LocalPosition.x
      value: -0.059393227
      objectReference: {fileID: 0}
    - target: {fileID: 4257508509235537429, guid: 2ee906502b507cf4cb1c077934906360, type: 3}
      propertyPath: m_LocalPosition.y
      value: 2.936155
      objectReference: {fileID: 0}
    - target: {fileID: 4257508509235537429, guid: 2ee906502b507cf4cb1c077934906360, type: 3}
      propertyPath: m_LocalRotation.w
      value: 0.6286776
      objectReference: {fileID: 0}
    - target: {fileID: 4257508509235537429, guid: 2ee906502b507cf4cb1c077934906360, type: 3}
      propertyPath: m_LocalRotation.x
      value: 0
      objectReference: {fileID: 0}
    - target: {fileID: 4257508509235537429, guid: 2ee906502b507cf4cb1c077934906360, type: 3}
      propertyPath: m_LocalRotation.y
      value: 0
      objectReference: {fileID: 0}
    - target: {fileID: 4257508509235537429, guid: 2ee906502b507cf4cb1c077934906360, type: 3}
      propertyPath: m_LocalRotation.z
      value: -0.77766603
      objectReference: {fileID: 0}
    - target: {fileID: 4257508509235537429, guid: 2ee906502b507cf4cb1c077934906360, type: 3}
      propertyPath: m_LocalEulerAnglesHint.z
      value: 0
      objectReference: {fileID: 0}
    - target: {fileID: 5251891141940544215, guid: 2ee906502b507cf4cb1c077934906360, type: 3}
      propertyPath: m_SortingLayer
      value: 1
      objectReference: {fileID: 0}
    - target: {fileID: 5251891141940544215, guid: 2ee906502b507cf4cb1c077934906360, type: 3}
      propertyPath: m_SortingLayerID
      value: -1391314427
      objectReference: {fileID: 0}
    - target: {fileID: 5454718984575351817, guid: 2ee906502b507cf4cb1c077934906360, type: 3}
      propertyPath: m_SortingLayer
      value: 1
      objectReference: {fileID: 0}
    - target: {fileID: 5454718984575351817, guid: 2ee906502b507cf4cb1c077934906360, type: 3}
      propertyPath: m_SortingLayerID
      value: -1391314427
      objectReference: {fileID: 0}
    - target: {fileID: 6736957807164001479, guid: 2ee906502b507cf4cb1c077934906360, type: 3}
      propertyPath: m_LocalScale.x
      value: 1
      objectReference: {fileID: 0}
    - target: {fileID: 6736957807164001479, guid: 2ee906502b507cf4cb1c077934906360, type: 3}
      propertyPath: m_LocalScale.y
      value: 1
      objectReference: {fileID: 0}
    - target: {fileID: 6736957807164001479, guid: 2ee906502b507cf4cb1c077934906360, type: 3}
      propertyPath: m_LocalScale.z
      value: 1
      objectReference: {fileID: 0}
    - target: {fileID: 6736957807164001479, guid: 2ee906502b507cf4cb1c077934906360, type: 3}
      propertyPath: m_LocalPosition.x
      value: 0.082376175
      objectReference: {fileID: 0}
    - target: {fileID: 6736957807164001479, guid: 2ee906502b507cf4cb1c077934906360, type: 3}
      propertyPath: m_LocalPosition.y
      value: -0.18519713
      objectReference: {fileID: 0}
    - target: {fileID: 6736957807164001479, guid: 2ee906502b507cf4cb1c077934906360, type: 3}
      propertyPath: m_LocalRotation.w
      value: 0.99443513
      objectReference: {fileID: 0}
    - target: {fileID: 6736957807164001479, guid: 2ee906502b507cf4cb1c077934906360, type: 3}
      propertyPath: m_LocalRotation.y
      value: 0
      objectReference: {fileID: 0}
    - target: {fileID: 6736957807164001479, guid: 2ee906502b507cf4cb1c077934906360, type: 3}
      propertyPath: m_LocalRotation.z
      value: 0.105350725
      objectReference: {fileID: 0}
    - target: {fileID: 6736957807164001479, guid: 2ee906502b507cf4cb1c077934906360, type: 3}
      propertyPath: m_LocalEulerAnglesHint.z
      value: 0
      objectReference: {fileID: 0}
    - target: {fileID: 8648882755762834919, guid: 2ee906502b507cf4cb1c077934906360, type: 3}
      propertyPath: m_LocalPosition.x
      value: 0.7872507
      objectReference: {fileID: 0}
    - target: {fileID: 8648882755762834919, guid: 2ee906502b507cf4cb1c077934906360, type: 3}
      propertyPath: m_LocalPosition.y
      value: 0.61969775
      objectReference: {fileID: 0}
    - target: {fileID: 8648882755762834919, guid: 2ee906502b507cf4cb1c077934906360, type: 3}
      propertyPath: m_LocalRotation.w
      value: 0.9920969
      objectReference: {fileID: 0}
    - target: {fileID: 8648882755762834919, guid: 2ee906502b507cf4cb1c077934906360, type: 3}
      propertyPath: m_LocalRotation.x
      value: 0
      objectReference: {fileID: 0}
    - target: {fileID: 8648882755762834919, guid: 2ee906502b507cf4cb1c077934906360, type: 3}
      propertyPath: m_LocalRotation.y
      value: 0
      objectReference: {fileID: 0}
    - target: {fileID: 8648882755762834919, guid: 2ee906502b507cf4cb1c077934906360, type: 3}
      propertyPath: m_LocalRotation.z
      value: 0.12547415
      objectReference: {fileID: 0}
    - target: {fileID: 8648882755762834919, guid: 2ee906502b507cf4cb1c077934906360, type: 3}
      propertyPath: m_LocalEulerAnglesHint.z
      value: 0
      objectReference: {fileID: 0}
    - target: {fileID: 8871100586519784757, guid: 2ee906502b507cf4cb1c077934906360, type: 3}
      propertyPath: m_SortingLayer
      value: 1
      objectReference: {fileID: 0}
    - target: {fileID: 8871100586519784757, guid: 2ee906502b507cf4cb1c077934906360, type: 3}
      propertyPath: m_SortingLayerID
      value: -1391314427
      objectReference: {fileID: 0}
    m_RemovedComponents: []
  m_SourcePrefab: {fileID: 4843985084834002234, guid: 2ee906502b507cf4cb1c077934906360, type: 3}
--- !u!1 &2072179012469709016 stripped
GameObject:
  m_CorrespondingSourceObject: {fileID: -8653719598885068355, guid: 2ee906502b507cf4cb1c077934906360, type: 3}
  m_PrefabInstance: {fileID: 1956273125479446885}
  m_PrefabAsset: {fileID: 0}
--- !u!95 &4439000002552228972
Animator:
  serializedVersion: 4
  m_ObjectHideFlags: 0
  m_CorrespondingSourceObject: {fileID: 0}
  m_PrefabInstance: {fileID: 0}
  m_PrefabAsset: {fileID: 0}
  m_GameObject: {fileID: 2072179012469709016}
  m_Enabled: 1
  m_Avatar: {fileID: 0}
  m_Controller: {fileID: 22100000, guid: eaeb2e27c51dc5b5fade394eaedaf7d9, type: 2}
  m_CullingMode: 2
  m_UpdateMode: 0
  m_ApplyRootMotion: 0
  m_LinearVelocityBlending: 0
  m_StabilizeFeet: 0
  m_WarningMessage: 
  m_HasTransformHierarchy: 1
  m_AllowConstantClipSamplingOptimization: 1
  m_KeepAnimatorControllerStateOnDisable: 0
--- !u!114 &7906270222688971107
MonoBehaviour:
  m_ObjectHideFlags: 0
  m_CorrespondingSourceObject: {fileID: 0}
  m_PrefabInstance: {fileID: 0}
  m_PrefabAsset: {fileID: 0}
  m_GameObject: {fileID: 2072179012469709016}
  m_Enabled: 1
  m_EditorHideFlags: 0
  m_Script: {fileID: 11500000, guid: 097b551f2844b054290f18a39bf892e9, type: 3}
  m_Name: 
  m_EditorClassIdentifier: 
  m_Solvers:
  - {fileID: 0}
  - {fileID: 0}
  m_Weight: 1
  m_SolverEditorData:
  - color: {r: 0, g: 1, b: 0, a: 1}
    showGizmo: 1
  - color: {r: 0, g: 1, b: 0, a: 1}
    showGizmo: 1
--- !u!1 &3783624303044173692 stripped
GameObject:
  m_CorrespondingSourceObject: {fileID: -5790443524509669863, guid: 2ee906502b507cf4cb1c077934906360, type: 3}
  m_PrefabInstance: {fileID: 1956273125479446885}
  m_PrefabAsset: {fileID: 0}
--- !u!114 &3008200850475558976
MonoBehaviour:
  m_ObjectHideFlags: 0
  m_CorrespondingSourceObject: {fileID: 0}
  m_PrefabInstance: {fileID: 0}
  m_PrefabAsset: {fileID: 0}
  m_GameObject: {fileID: 3783624303044173692}
  m_Enabled: 0
  m_EditorHideFlags: 0
  m_Script: {fileID: 11500000, guid: e8f6d3c6e4250e84192f5b34ce9e71bc, type: 3}
  m_Name: 
  m_EditorClassIdentifier: 
  glowColor: {r: 1, g: 1, b: 1, a: 1}
  glowBrightness: 4
  outlineWidth: 2
  alphaThreshold: 0.4
  drawOutside: 0
  enableInstancing: 0
--- !u!1 &7146936639524865435 stripped
GameObject:
  m_CorrespondingSourceObject: {fileID: -573908738155283202, guid: 2ee906502b507cf4cb1c077934906360, type: 3}
  m_PrefabInstance: {fileID: 1956273125479446885}
  m_PrefabAsset: {fileID: 0}
--- !u!114 &7904394528943340360
MonoBehaviour:
  m_ObjectHideFlags: 0
  m_CorrespondingSourceObject: {fileID: 0}
  m_PrefabInstance: {fileID: 0}
  m_PrefabAsset: {fileID: 0}
  m_GameObject: {fileID: 7146936639524865435}
  m_Enabled: 0
  m_EditorHideFlags: 0
  m_Script: {fileID: 11500000, guid: e8f6d3c6e4250e84192f5b34ce9e71bc, type: 3}
  m_Name: 
  m_EditorClassIdentifier: 
  glowColor: {r: 1, g: 1, b: 1, a: 1}
  glowBrightness: 4
  outlineWidth: 2
  alphaThreshold: 0.4
  drawOutside: 0
  enableInstancing: 0
