%YAML 1.1
%TAG !u! tag:unity3d.com,2011:
--- !u!1001 &525046012770913470
PrefabInstance:
  m_ObjectHideFlags: 0
  serializedVersion: 2
  m_Modification:
    m_TransformParent: {fileID: 0}
    m_Modifications:
    - target: {fileID: 1785032492178884222, guid: 102f4d64c4b2e1b88bbd9673a62d6ea2, type: 3}
      propertyPath: m_Enabled
      value: 1
      objectReference: {fileID: 0}
    - target: {fileID: 3186982138446164366, guid: 102f4d64c4b2e1b88bbd9673a62d6ea2, type: 3}
      propertyPath: playerColor.a
      value: 0.7058824
      objectReference: {fileID: 0}
    - target: {fileID: 3186982138446164366, guid: 102f4d64c4b2e1b88bbd9673a62d6ea2, type: 3}
      propertyPath: playerColor.b
      value: 0.7264151
      objectReference: {fileID: 0}
    - target: {fileID: 3186982138446164366, guid: 102f4d64c4b2e1b88bbd9673a62d6ea2, type: 3}
      propertyPath: playerColor.g
      value: 0
      objectReference: {fileID: 0}
    - target: {fileID: 3186982138446164366, guid: 102f4d64c4b2e1b88bbd9673a62d6ea2, type: 3}
      propertyPath: playerColor.r
      value: 0.06988424
      objectReference: {fileID: 0}
    - target: {fileID: 3186982140078740320, guid: 102f4d64c4b2e1b88bbd9673a62d6ea2, type: 3}
      propertyPath: deadMarkerPrefab
      value: 
      objectReference: {fileID: 5802244238206466670, guid: 4ae1fb67dc669fcb0b560d070f8da841, type: 3}
    - target: {fileID: 3186982140078740322, guid: 102f4d64c4b2e1b88bbd9673a62d6ea2, type: 3}
      propertyPath: m_Sprite
      value: 
      objectReference: {fileID: 21300000, guid: 53597430a651cc741b57fc79cb385843, type: 3}
    - target: {fileID: 3186982140078740322, guid: 102f4d64c4b2e1b88bbd9673a62d6ea2, type: 3}
      propertyPath: m_Color.b
      value: 1
      objectReference: {fileID: 0}
    - target: {fileID: 3186982140078740322, guid: 102f4d64c4b2e1b88bbd9673a62d6ea2, type: 3}
      propertyPath: m_Color.g
      value: 1
      objectReference: {fileID: 0}
    - target: {fileID: 3186982140078740322, guid: 102f4d64c4b2e1b88bbd9673a62d6ea2, type: 3}
      propertyPath: m_Color.r
      value: 1
      objectReference: {fileID: 0}
    - target: {fileID: 3186982140078740323, guid: 102f4d64c4b2e1b88bbd9673a62d6ea2, type: 3}
      propertyPath: m_RootOrder
      value: 0
      objectReference: {fileID: 0}
    - target: {fileID: 3186982140078740323, guid: 102f4d64c4b2e1b88bbd9673a62d6ea2, type: 3}
      propertyPath: m_LocalPosition.x
      value: 0
      objectReference: {fileID: 0}
    - target: {fileID: 3186982140078740323, guid: 102f4d64c4b2e1b88bbd9673a62d6ea2, type: 3}
      propertyPath: m_LocalPosition.y
      value: 0
      objectReference: {fileID: 0}
    - target: {fileID: 3186982140078740323, guid: 102f4d64c4b2e1b88bbd9673a62d6ea2, type: 3}
      propertyPath: m_LocalPosition.z
      value: 0
      objectReference: {fileID: 0}
    - target: {fileID: 3186982140078740323, guid: 102f4d64c4b2e1b88bbd9673a62d6ea2, type: 3}
      propertyPath: m_LocalRotation.w
      value: 1
      objectReference: {fileID: 0}
    - target: {fileID: 3186982140078740323, guid: 102f4d64c4b2e1b88bbd9673a62d6ea2, type: 3}
      propertyPath: m_LocalRotation.x
      value: 0
      objectReference: {fileID: 0}
    - target: {fileID: 3186982140078740323, guid: 102f4d64c4b2e1b88bbd9673a62d6ea2, type: 3}
      propertyPath: m_LocalRotation.y
      value: 0
      objectReference: {fileID: 0}
    - target: {fileID: 3186982140078740323, guid: 102f4d64c4b2e1b88bbd9673a62d6ea2, type: 3}
      propertyPath: m_LocalRotation.z
      value: 0
      objectReference: {fileID: 0}
    - target: {fileID: 3186982140078740323, guid: 102f4d64c4b2e1b88bbd9673a62d6ea2, type: 3}
      propertyPath: m_LocalEulerAnglesHint.x
      value: 0
      objectReference: {fileID: 0}
    - target: {fileID: 3186982140078740323, guid: 102f4d64c4b2e1b88bbd9673a62d6ea2, type: 3}
      propertyPath: m_LocalEulerAnglesHint.y
      value: 0
      objectReference: {fileID: 0}
    - target: {fileID: 3186982140078740323, guid: 102f4d64c4b2e1b88bbd9673a62d6ea2, type: 3}
      propertyPath: m_LocalEulerAnglesHint.z
      value: 0
      objectReference: {fileID: 0}
    - target: {fileID: 3186982140078740325, guid: 102f4d64c4b2e1b88bbd9673a62d6ea2, type: 3}
      propertyPath: m_SpriteTilingProperty.oldSize.x
      value: 3.5
      objectReference: {fileID: 0}
    - target: {fileID: 3186982140078740325, guid: 102f4d64c4b2e1b88bbd9673a62d6ea2, type: 3}
      propertyPath: m_SpriteTilingProperty.oldSize.y
      value: 3.5
      objectReference: {fileID: 0}
    - target: {fileID: 3186982140078740327, guid: 102f4d64c4b2e1b88bbd9673a62d6ea2, type: 3}
      propertyPath: m_Name
      value: player_rhino
      objectReference: {fileID: 0}
    - target: {fileID: 3186982140078740350, guid: 102f4d64c4b2e1b88bbd9673a62d6ea2, type: 3}
      propertyPath: m_ActionEvents.Array.size
      value: 10
      objectReference: {fileID: 0}
    - target: {fileID: 3186982140078740350, guid: 102f4d64c4b2e1b88bbd9673a62d6ea2, type: 3}
      propertyPath: m_ActionEvents.Array.data[9].m_ActionId
      value: 59894b60-e6a9-482c-9c6c-45ba6ca33637
      objectReference: {fileID: 0}
    - target: {fileID: 3186982140078740350, guid: 102f4d64c4b2e1b88bbd9673a62d6ea2, type: 3}
      propertyPath: m_ActionEvents.Array.data[9].m_ActionName
      value: Menu Controls/Join_Right[/Gamepad/rightShoulder]
      objectReference: {fileID: 0}
    - target: {fileID: 3186982140078740351, guid: 102f4d64c4b2e1b88bbd9673a62d6ea2, type: 3}
      propertyPath: sprite
      value: 
      objectReference: {fileID: 1660490461349929200}
    - target: {fileID: 3186982140078740351, guid: 102f4d64c4b2e1b88bbd9673a62d6ea2, type: 3}
      propertyPath: animator
      value: 
      objectReference: {fileID: 3465437974255595470}
    - target: {fileID: 4819386845218254698, guid: 102f4d64c4b2e1b88bbd9673a62d6ea2, type: 3}
      propertyPath: sprites.Array.size
      value: 4
      objectReference: {fileID: 0}
    - target: {fileID: 4819386845218254698, guid: 102f4d64c4b2e1b88bbd9673a62d6ea2, type: 3}
      propertyPath: sprites.Array.data[0].red
      value: 
      objectReference: {fileID: -2379624368795221260, guid: cc4b04b300dc9734cb5a2a3fa7d5fbba, type: 3}
    - target: {fileID: 4819386845218254698, guid: 102f4d64c4b2e1b88bbd9673a62d6ea2, type: 3}
      propertyPath: sprites.Array.data[1].red
      value: 
      objectReference: {fileID: 1763259920337630226, guid: cc4b04b300dc9734cb5a2a3fa7d5fbba, type: 3}
    - target: {fileID: 4819386845218254698, guid: 102f4d64c4b2e1b88bbd9673a62d6ea2, type: 3}
      propertyPath: sprites.Array.data[2].red
      value: 
      objectReference: {fileID: 365158268342352297, guid: cc4b04b300dc9734cb5a2a3fa7d5fbba, type: 3}
    - target: {fileID: 4819386845218254698, guid: 102f4d64c4b2e1b88bbd9673a62d6ea2, type: 3}
      propertyPath: sprites.Array.data[3].red
      value: 
      objectReference: {fileID: -8453977235941589854, guid: cc4b04b300dc9734cb5a2a3fa7d5fbba, type: 3}
    - target: {fileID: 4819386845218254698, guid: 102f4d64c4b2e1b88bbd9673a62d6ea2, type: 3}
      propertyPath: sprites.Array.data[4].red
      value: 
      objectReference: {fileID: 4287379006811248019, guid: c393cfb3acb9758259bc47041e904f46, type: 3}
    - target: {fileID: 4819386845218254698, guid: 102f4d64c4b2e1b88bbd9673a62d6ea2, type: 3}
      propertyPath: sprites.Array.data[5].red
      value: 
      objectReference: {fileID: -4888059298221745218, guid: c393cfb3acb9758259bc47041e904f46, type: 3}
    - target: {fileID: 4819386845218254698, guid: 102f4d64c4b2e1b88bbd9673a62d6ea2, type: 3}
      propertyPath: sprites.Array.data[6].red
      value: 
      objectReference: {fileID: 8619924695822108402, guid: c393cfb3acb9758259bc47041e904f46, type: 3}
    - target: {fileID: 4819386845218254698, guid: 102f4d64c4b2e1b88bbd9673a62d6ea2, type: 3}
      propertyPath: sprites.Array.data[7].red
      value: 
      objectReference: {fileID: -3120366892911103431, guid: c393cfb3acb9758259bc47041e904f46, type: 3}
    - target: {fileID: 4819386845218254698, guid: 102f4d64c4b2e1b88bbd9673a62d6ea2, type: 3}
      propertyPath: sprites.Array.data[0].blue
      value: 
      objectReference: {fileID: 6825734291426565273, guid: 9c6fe7132e7ea9d4f87543e2ff2f17ee, type: 3}
    - target: {fileID: 4819386845218254698, guid: 102f4d64c4b2e1b88bbd9673a62d6ea2, type: 3}
      propertyPath: sprites.Array.data[1].blue
      value: 
      objectReference: {fileID: 164817379675313212, guid: 9c6fe7132e7ea9d4f87543e2ff2f17ee, type: 3}
    - target: {fileID: 4819386845218254698, guid: 102f4d64c4b2e1b88bbd9673a62d6ea2, type: 3}
      propertyPath: sprites.Array.data[2].blue
      value: 
      objectReference: {fileID: -6540238721347774578, guid: 9c6fe7132e7ea9d4f87543e2ff2f17ee, type: 3}
    - target: {fileID: 4819386845218254698, guid: 102f4d64c4b2e1b88bbd9673a62d6ea2, type: 3}
      propertyPath: sprites.Array.data[3].blue
      value: 
      objectReference: {fileID: -2752100322485015040, guid: 9c6fe7132e7ea9d4f87543e2ff2f17ee, type: 3}
    - target: {fileID: 4819386845218254698, guid: 102f4d64c4b2e1b88bbd9673a62d6ea2, type: 3}
      propertyPath: sprites.Array.data[4].blue
      value: 
      objectReference: {fileID: 8239407502424534781, guid: cc9c2d163b60dbc41a22340f045cd1b6, type: 3}
    - target: {fileID: 4819386845218254698, guid: 102f4d64c4b2e1b88bbd9673a62d6ea2, type: 3}
      propertyPath: sprites.Array.data[5].blue
      value: 
      objectReference: {fileID: -2082329741113890145, guid: cc9c2d163b60dbc41a22340f045cd1b6, type: 3}
    - target: {fileID: 4819386845218254698, guid: 102f4d64c4b2e1b88bbd9673a62d6ea2, type: 3}
      propertyPath: sprites.Array.data[6].blue
      value: 
      objectReference: {fileID: 879554146254874970, guid: cc9c2d163b60dbc41a22340f045cd1b6, type: 3}
    - target: {fileID: 4819386845218254698, guid: 102f4d64c4b2e1b88bbd9673a62d6ea2, type: 3}
      propertyPath: sprites.Array.data[7].blue
      value: 
      objectReference: {fileID: -1925383055211553659, guid: cc9c2d163b60dbc41a22340f045cd1b6, type: 3}
    - target: {fileID: 4819386845218254698, guid: 102f4d64c4b2e1b88bbd9673a62d6ea2, type: 3}
      propertyPath: sprites.Array.data[0].neural
      value: 
      objectReference: {fileID: 2586980909045837404, guid: d33ae43b58c2ad44981fa4ad3126f62f, type: 3}
    - target: {fileID: 4819386845218254698, guid: 102f4d64c4b2e1b88bbd9673a62d6ea2, type: 3}
      propertyPath: sprites.Array.data[1].neural
      value: 
      objectReference: {fileID: 5718706385108022580, guid: d33ae43b58c2ad44981fa4ad3126f62f, type: 3}
    - target: {fileID: 4819386845218254698, guid: 102f4d64c4b2e1b88bbd9673a62d6ea2, type: 3}
      propertyPath: sprites.Array.data[2].neural
      value: 
      objectReference: {fileID: -7573734354095956089, guid: d33ae43b58c2ad44981fa4ad3126f62f, type: 3}
    - target: {fileID: 4819386845218254698, guid: 102f4d64c4b2e1b88bbd9673a62d6ea2, type: 3}
      propertyPath: sprites.Array.data[3].neural
      value: 
      objectReference: {fileID: -5930422100500991446, guid: d33ae43b58c2ad44981fa4ad3126f62f, type: 3}
    - target: {fileID: 4819386845218254698, guid: 102f4d64c4b2e1b88bbd9673a62d6ea2, type: 3}
      propertyPath: sprites.Array.data[4].neural
      value: 
      objectReference: {fileID: 7556915869485644, guid: 4a6700a949db456bb864d72849ec0d2a, type: 3}
    - target: {fileID: 4819386845218254698, guid: 102f4d64c4b2e1b88bbd9673a62d6ea2, type: 3}
      propertyPath: sprites.Array.data[5].neural
      value: 
      objectReference: {fileID: -3143691475107941236, guid: 4a6700a949db456bb864d72849ec0d2a, type: 3}
    - target: {fileID: 4819386845218254698, guid: 102f4d64c4b2e1b88bbd9673a62d6ea2, type: 3}
      propertyPath: sprites.Array.data[6].neural
      value: 
      objectReference: {fileID: 4202796989652529624, guid: 4a6700a949db456bb864d72849ec0d2a, type: 3}
    - target: {fileID: 4819386845218254698, guid: 102f4d64c4b2e1b88bbd9673a62d6ea2, type: 3}
      propertyPath: sprites.Array.data[7].neural
      value: 
      objectReference: {fileID: -2245271033303594467, guid: 4a6700a949db456bb864d72849ec0d2a, type: 3}
    - target: {fileID: 7080940828621251135, guid: 102f4d64c4b2e1b88bbd9673a62d6ea2, type: 3}
      propertyPath: glows.Array.size
      value: 2
      objectReference: {fileID: 0}
    - target: {fileID: 7080940828621251135, guid: 102f4d64c4b2e1b88bbd9673a62d6ea2, type: 3}
      propertyPath: glows.Array.data[0]
      value: 
      objectReference: {fileID: 3765050311835750710}
    - target: {fileID: 7080940828621251135, guid: 102f4d64c4b2e1b88bbd9673a62d6ea2, type: 3}
      propertyPath: glows.Array.data[1]
      value: 
      objectReference: {fileID: 1389644801010482668}
    - target: {fileID: 7960505348490970152, guid: 102f4d64c4b2e1b88bbd9673a62d6ea2, type: 3}
      propertyPath: animator
      value: 
      objectReference: {fileID: 3465437974255595470}
    - target: {fileID: 7960505348490970152, guid: 102f4d64c4b2e1b88bbd9673a62d6ea2, type: 3}
      propertyPath: teamColorRed.b
      value: 0.027450979
      objectReference: {fileID: 0}
    - target: {fileID: 7960505348490970152, guid: 102f4d64c4b2e1b88bbd9673a62d6ea2, type: 3}
      propertyPath: teamColorRed.g
      value: 0.35247427
      objectReference: {fileID: 0}
    - target: {fileID: 7960505348490970152, guid: 102f4d64c4b2e1b88bbd9673a62d6ea2, type: 3}
      propertyPath: teamColorRed.r
      value: 0.8666667
      objectReference: {fileID: 0}
    - target: {fileID: 7960505348490970152, guid: 102f4d64c4b2e1b88bbd9673a62d6ea2, type: 3}
      propertyPath: teamColorBlue.b
      value: 0.8117647
      objectReference: {fileID: 0}
    - target: {fileID: 7960505348490970152, guid: 102f4d64c4b2e1b88bbd9673a62d6ea2, type: 3}
      propertyPath: teamColorBlue.r
      value: 0.21233676
      objectReference: {fileID: 0}
    m_RemovedComponents:
    - {fileID: 0}
    - {fileID: 1785032492178884222, guid: 102f4d64c4b2e1b88bbd9673a62d6ea2, type: 3}
  m_SourcePrefab: {fileID: 100100000, guid: 102f4d64c4b2e1b88bbd9673a62d6ea2, type: 3}
--- !u!4 &1660490461349929200 stripped
Transform:
  m_CorrespondingSourceObject: {fileID: 1171615229442649166, guid: 102f4d64c4b2e1b88bbd9673a62d6ea2, type: 3}
  m_PrefabInstance: {fileID: 525046012770913470}
  m_PrefabAsset: {fileID: 0}
--- !u!1001 &6578553746125470882
PrefabInstance:
  m_ObjectHideFlags: 0
  serializedVersion: 2
  m_Modification:
    m_TransformParent: {fileID: 1660490461349929200}
    m_Modifications:
    - target: {fileID: -8653719598885068355, guid: d33ae43b58c2ad44981fa4ad3126f62f, type: 3}
      propertyPath: m_Name
      value: rhino_neutral (1)
      objectReference: {fileID: 0}
    - target: {fileID: -7552582706839291426, guid: d33ae43b58c2ad44981fa4ad3126f62f, type: 3}
      propertyPath: m_RootOrder
      value: 0
      objectReference: {fileID: 0}
    - target: {fileID: -7552582706839291426, guid: d33ae43b58c2ad44981fa4ad3126f62f, type: 3}
      propertyPath: m_LocalScale.x
      value: 0.5
      objectReference: {fileID: 0}
    - target: {fileID: -7552582706839291426, guid: d33ae43b58c2ad44981fa4ad3126f62f, type: 3}
      propertyPath: m_LocalScale.y
      value: 0.5
      objectReference: {fileID: 0}
    - target: {fileID: -7552582706839291426, guid: d33ae43b58c2ad44981fa4ad3126f62f, type: 3}
      propertyPath: m_LocalPosition.x
      value: 0
      objectReference: {fileID: 0}
    - target: {fileID: -7552582706839291426, guid: d33ae43b58c2ad44981fa4ad3126f62f, type: 3}
      propertyPath: m_LocalPosition.y
      value: -1.1
      objectReference: {fileID: 0}
    - target: {fileID: -7552582706839291426, guid: d33ae43b58c2ad44981fa4ad3126f62f, type: 3}
      propertyPath: m_LocalPosition.z
      value: 0
      objectReference: {fileID: 0}
    - target: {fileID: -7552582706839291426, guid: d33ae43b58c2ad44981fa4ad3126f62f, type: 3}
      propertyPath: m_LocalRotation.w
      value: 1
      objectReference: {fileID: 0}
    - target: {fileID: -7552582706839291426, guid: d33ae43b58c2ad44981fa4ad3126f62f, type: 3}
      propertyPath: m_LocalRotation.x
      value: 0
      objectReference: {fileID: 0}
    - target: {fileID: -7552582706839291426, guid: d33ae43b58c2ad44981fa4ad3126f62f, type: 3}
      propertyPath: m_LocalRotation.y
      value: 0
      objectReference: {fileID: 0}
    - target: {fileID: -7552582706839291426, guid: d33ae43b58c2ad44981fa4ad3126f62f, type: 3}
      propertyPath: m_LocalRotation.z
      value: 0
      objectReference: {fileID: 0}
    - target: {fileID: -7552582706839291426, guid: d33ae43b58c2ad44981fa4ad3126f62f, type: 3}
      propertyPath: m_LocalEulerAnglesHint.x
      value: 0
      objectReference: {fileID: 0}
    - target: {fileID: -7552582706839291426, guid: d33ae43b58c2ad44981fa4ad3126f62f, type: 3}
      propertyPath: m_LocalEulerAnglesHint.y
      value: 0
      objectReference: {fileID: 0}
    - target: {fileID: -7552582706839291426, guid: d33ae43b58c2ad44981fa4ad3126f62f, type: 3}
      propertyPath: m_LocalEulerAnglesHint.z
      value: 0
      objectReference: {fileID: 0}
    - target: {fileID: -7221020487405985688, guid: d33ae43b58c2ad44981fa4ad3126f62f, type: 3}
      propertyPath: m_LocalPosition.x
      value: 1.7110335
      objectReference: {fileID: 0}
    - target: {fileID: -7221020487405985688, guid: d33ae43b58c2ad44981fa4ad3126f62f, type: 3}
      propertyPath: m_LocalPosition.y
      value: 0.00793803
      objectReference: {fileID: 0}
    - target: {fileID: -7221020487405985688, guid: d33ae43b58c2ad44981fa4ad3126f62f, type: 3}
      propertyPath: m_LocalRotation.w
      value: 0.99999505
      objectReference: {fileID: 0}
    - target: {fileID: -7221020487405985688, guid: d33ae43b58c2ad44981fa4ad3126f62f, type: 3}
      propertyPath: m_LocalRotation.x
      value: 0
      objectReference: {fileID: 0}
    - target: {fileID: -7221020487405985688, guid: d33ae43b58c2ad44981fa4ad3126f62f, type: 3}
      propertyPath: m_LocalRotation.y
      value: 0
      objectReference: {fileID: 0}
    - target: {fileID: -7221020487405985688, guid: d33ae43b58c2ad44981fa4ad3126f62f, type: 3}
      propertyPath: m_LocalRotation.z
      value: -0.0031455322
      objectReference: {fileID: 0}
    - target: {fileID: -7221020487405985688, guid: d33ae43b58c2ad44981fa4ad3126f62f, type: 3}
      propertyPath: m_LocalEulerAnglesHint.z
      value: 0
      objectReference: {fileID: 0}
    - target: {fileID: -2978984936461578496, guid: d33ae43b58c2ad44981fa4ad3126f62f, type: 3}
      propertyPath: m_LocalPosition.x
      value: 0.07050152
      objectReference: {fileID: 0}
    - target: {fileID: -2978984936461578496, guid: d33ae43b58c2ad44981fa4ad3126f62f, type: 3}
      propertyPath: m_LocalPosition.y
      value: -0.6829668
      objectReference: {fileID: 0}
    - target: {fileID: -2978984936461578496, guid: d33ae43b58c2ad44981fa4ad3126f62f, type: 3}
      propertyPath: m_LocalRotation.w
      value: 0.13481776
      objectReference: {fileID: 0}
    - target: {fileID: -2978984936461578496, guid: d33ae43b58c2ad44981fa4ad3126f62f, type: 3}
      propertyPath: m_LocalRotation.x
      value: 0
      objectReference: {fileID: 0}
    - target: {fileID: -2978984936461578496, guid: d33ae43b58c2ad44981fa4ad3126f62f, type: 3}
      propertyPath: m_LocalRotation.z
      value: 0.9908704
      objectReference: {fileID: 0}
    - target: {fileID: -2978984936461578496, guid: d33ae43b58c2ad44981fa4ad3126f62f, type: 3}
      propertyPath: m_LocalEulerAnglesHint.z
      value: 0
      objectReference: {fileID: 0}
    - target: {fileID: 1770433945857213737, guid: d33ae43b58c2ad44981fa4ad3126f62f, type: 3}
      propertyPath: m_LocalScale.x
      value: 0.9999999
      objectReference: {fileID: 0}
    - target: {fileID: 1770433945857213737, guid: d33ae43b58c2ad44981fa4ad3126f62f, type: 3}
      propertyPath: m_LocalScale.y
      value: 0.9999999
      objectReference: {fileID: 0}
    - target: {fileID: 1770433945857213737, guid: d33ae43b58c2ad44981fa4ad3126f62f, type: 3}
      propertyPath: m_LocalPosition.x
      value: 0.9485097
      objectReference: {fileID: 0}
    - target: {fileID: 1770433945857213737, guid: d33ae43b58c2ad44981fa4ad3126f62f, type: 3}
      propertyPath: m_LocalPosition.y
      value: 0.66720843
      objectReference: {fileID: 0}
    - target: {fileID: 4257508509235537429, guid: d33ae43b58c2ad44981fa4ad3126f62f, type: 3}
      propertyPath: m_LocalPosition.x
      value: 0.014024138
      objectReference: {fileID: 0}
    - target: {fileID: 4257508509235537429, guid: d33ae43b58c2ad44981fa4ad3126f62f, type: 3}
      propertyPath: m_LocalPosition.y
      value: 1.2376338
      objectReference: {fileID: 0}
    - target: {fileID: 4257508509235537429, guid: d33ae43b58c2ad44981fa4ad3126f62f, type: 3}
      propertyPath: m_LocalRotation.w
      value: 0.70487976
      objectReference: {fileID: 0}
    - target: {fileID: 4257508509235537429, guid: d33ae43b58c2ad44981fa4ad3126f62f, type: 3}
      propertyPath: m_LocalRotation.x
      value: 0
      objectReference: {fileID: 0}
    - target: {fileID: 4257508509235537429, guid: d33ae43b58c2ad44981fa4ad3126f62f, type: 3}
      propertyPath: m_LocalRotation.y
      value: 0
      objectReference: {fileID: 0}
    - target: {fileID: 4257508509235537429, guid: d33ae43b58c2ad44981fa4ad3126f62f, type: 3}
      propertyPath: m_LocalRotation.z
      value: 0.70932686
      objectReference: {fileID: 0}
    - target: {fileID: 4257508509235537429, guid: d33ae43b58c2ad44981fa4ad3126f62f, type: 3}
      propertyPath: m_LocalEulerAnglesHint.z
      value: 0
      objectReference: {fileID: 0}
    - target: {fileID: 6736957807164001479, guid: d33ae43b58c2ad44981fa4ad3126f62f, type: 3}
      propertyPath: m_LocalPosition.x
      value: 0.09790274
      objectReference: {fileID: 0}
    - target: {fileID: 6736957807164001479, guid: d33ae43b58c2ad44981fa4ad3126f62f, type: 3}
      propertyPath: m_LocalPosition.y
      value: 0.7006071
      objectReference: {fileID: 0}
    - target: {fileID: 6736957807164001479, guid: d33ae43b58c2ad44981fa4ad3126f62f, type: 3}
      propertyPath: m_LocalRotation.w
      value: 0.12001053
      objectReference: {fileID: 0}
    - target: {fileID: 6736957807164001479, guid: d33ae43b58c2ad44981fa4ad3126f62f, type: 3}
      propertyPath: m_LocalRotation.x
      value: 0
      objectReference: {fileID: 0}
    - target: {fileID: 6736957807164001479, guid: d33ae43b58c2ad44981fa4ad3126f62f, type: 3}
      propertyPath: m_LocalRotation.z
      value: -0.99277264
      objectReference: {fileID: 0}
    - target: {fileID: 6736957807164001479, guid: d33ae43b58c2ad44981fa4ad3126f62f, type: 3}
      propertyPath: m_LocalEulerAnglesHint.z
      value: 0
      objectReference: {fileID: 0}
    - target: {fileID: 8648882755762834919, guid: d33ae43b58c2ad44981fa4ad3126f62f, type: 3}
      propertyPath: m_LocalScale.x
      value: 0.9999999
      objectReference: {fileID: 0}
    - target: {fileID: 8648882755762834919, guid: d33ae43b58c2ad44981fa4ad3126f62f, type: 3}
      propertyPath: m_LocalScale.y
      value: 0.9999999
      objectReference: {fileID: 0}
    - target: {fileID: 8648882755762834919, guid: d33ae43b58c2ad44981fa4ad3126f62f, type: 3}
      propertyPath: m_LocalPosition.x
      value: 0.93086934
      objectReference: {fileID: 0}
    - target: {fileID: 8648882755762834919, guid: d33ae43b58c2ad44981fa4ad3126f62f, type: 3}
      propertyPath: m_LocalPosition.y
      value: -0.6509795
      objectReference: {fileID: 0}
    m_RemovedComponents: []
  m_SourcePrefab: {fileID: 4843985084834002234, guid: d33ae43b58c2ad44981fa4ad3126f62f, type: 3}
--- !u!1 &5731550277219732294 stripped
GameObject:
  m_CorrespondingSourceObject: {fileID: -7727832421908416540, guid: d33ae43b58c2ad44981fa4ad3126f62f, type: 3}
  m_PrefabInstance: {fileID: 6578553746125470882}
  m_PrefabAsset: {fileID: 0}
--- !u!114 &3765050311835750710
MonoBehaviour:
  m_ObjectHideFlags: 0
  m_CorrespondingSourceObject: {fileID: 0}
  m_PrefabInstance: {fileID: 0}
  m_PrefabAsset: {fileID: 0}
  m_GameObject: {fileID: 5731550277219732294}
  m_Enabled: 0
  m_EditorHideFlags: 0
  m_Script: {fileID: 11500000, guid: e8f6d3c6e4250e84192f5b34ce9e71bc, type: 3}
  m_Name: 
  m_EditorClassIdentifier: 
  glowColor: {r: 1, g: 1, b: 1, a: 1}
  glowBrightness: 4
  outlineWidth: 2
  alphaThreshold: 0.4
  drawOutside: 0
  enableInstancing: 0
--- !u!1 &6202413692331443168 stripped
GameObject:
  m_CorrespondingSourceObject: {fileID: 961749019341684546, guid: d33ae43b58c2ad44981fa4ad3126f62f, type: 3}
  m_PrefabInstance: {fileID: 6578553746125470882}
  m_PrefabAsset: {fileID: 0}
--- !u!114 &1389644801010482668
MonoBehaviour:
  m_ObjectHideFlags: 0
  m_CorrespondingSourceObject: {fileID: 0}
  m_PrefabInstance: {fileID: 0}
  m_PrefabAsset: {fileID: 0}
  m_GameObject: {fileID: 6202413692331443168}
  m_Enabled: 0
  m_EditorHideFlags: 0
  m_Script: {fileID: 11500000, guid: e8f6d3c6e4250e84192f5b34ce9e71bc, type: 3}
  m_Name: 
  m_EditorClassIdentifier: 
  glowColor: {r: 1, g: 1, b: 1, a: 1}
  glowBrightness: 4
  outlineWidth: 2
  alphaThreshold: 0.4
  drawOutside: 0
  enableInstancing: 0
--- !u!1 &6677844395431107871 stripped
GameObject:
  m_CorrespondingSourceObject: {fileID: -8653719598885068355, guid: d33ae43b58c2ad44981fa4ad3126f62f, type: 3}
  m_PrefabInstance: {fileID: 6578553746125470882}
  m_PrefabAsset: {fileID: 0}
--- !u!95 &3465437974255595470
Animator:
  serializedVersion: 4
  m_ObjectHideFlags: 0
  m_CorrespondingSourceObject: {fileID: 0}
  m_PrefabInstance: {fileID: 0}
  m_PrefabAsset: {fileID: 0}
  m_GameObject: {fileID: 6677844395431107871}
  m_Enabled: 1
  m_Avatar: {fileID: 0}
  m_Controller: {fileID: 22100000, guid: 5b599e47e130ce23f9dfb9336c6336ea, type: 2}
  m_CullingMode: 2
  m_UpdateMode: 0
  m_ApplyRootMotion: 0
  m_LinearVelocityBlending: 0
  m_StabilizeFeet: 0
  m_WarningMessage: 
  m_HasTransformHierarchy: 1
  m_AllowConstantClipSamplingOptimization: 1
  m_KeepAnimatorControllerStateOnDisable: 0
