%YAML 1.1
%TAG !u! tag:unity3d.com,2011:
--- !u!1 &100397351162395686
GameObject:
  m_ObjectHideFlags: 0
  m_CorrespondingSourceObject: {fileID: 0}
  m_PrefabInstance: {fileID: 0}
  m_PrefabAsset: {fileID: 0}
  serializedVersion: 6
  m_Component:
  - component: {fileID: 6938509184774474149}
  - component: {fileID: 1603960961643841587}
  m_Layer: 0
  m_Name: Pool
  m_TagString: Untagged
  m_Icon: {fileID: 0}
  m_NavMeshLayer: 0
  m_StaticEditorFlags: 0
  m_IsActive: 1
--- !u!4 &6938509184774474149
Transform:
  m_ObjectHideFlags: 0
  m_CorrespondingSourceObject: {fileID: 0}
  m_PrefabInstance: {fileID: 0}
  m_PrefabAsset: {fileID: 0}
  m_GameObject: {fileID: 100397351162395686}
  m_LocalRotation: {x: 0, y: 0, z: 0, w: 1}
  m_LocalPosition: {x: 0, y: 0, z: 0}
  m_LocalScale: {x: 1, y: 1, z: 1}
  m_ConstrainProportionsScale: 0
  m_Children: []
  m_Father: {fileID: 8648325792247803921}
  m_RootOrder: 0
  m_LocalEulerAnglesHint: {x: 0, y: 0, z: 0}
--- !u!114 &1603960961643841587
MonoBehaviour:
  m_ObjectHideFlags: 0
  m_CorrespondingSourceObject: {fileID: 0}
  m_PrefabInstance: {fileID: 0}
  m_PrefabAsset: {fileID: 0}
  m_GameObject: {fileID: 100397351162395686}
  m_Enabled: 1
  m_EditorHideFlags: 0
  m_Script: {fileID: 11500000, guid: 089c5caae3c444f383e14ebc8bf4a936, type: 3}
  m_Name: 
  m_EditorClassIdentifier: 
  prefabs:
  - {fileID: 2846203784863330729, guid: d0cf75c1526da8d728122248cda60fdf, type: 3}
  - {fileID: 2846203784863330729, guid: db1b9697100ef8505a6fe3689a5ee612, type: 3}
  - {fileID: 2846203784863330729, guid: ea14cd255d17362298e8137f64ef3af7, type: 3}
  - {fileID: 2846203784863330729, guid: 4e820b7a66dfb17eeb7b3a7012c49b65, type: 3}
  - {fileID: 2846203784863330729, guid: 0d14fb9bc53b3f689959af8a010141bb, type: 3}
  - {fileID: 2846203784863330729, guid: 5c33dd2ae9735cfb5b951d49e6ddcee7, type: 3}
  - {fileID: 2846203784863330729, guid: 51fc656c382ef2d78a43f530ffc88556, type: 3}
  - {fileID: 2846203784863330729, guid: 3981ae914e6dc54299ef2267ce1efb16, type: 3}
  - {fileID: 2846203784863330729, guid: c78a804d338750119af7214b2fdf6e79, type: 3}
  - {fileID: 2846203784863330729, guid: d8d275bdbf6fe58dbaaa342c201ad36c, type: 3}
  - {fileID: 2846203784863330729, guid: 98fa1e0a48eadedb99f6c67d51545d8b, type: 3}
  - {fileID: 2846203784863330729, guid: 0fed5aeb3925ad802bfd9581ce955db7, type: 3}
  targetSize: 128
  instantiatedObjects: []
--- !u!1 &8648325792247803923
GameObject:
  m_ObjectHideFlags: 0
  m_CorrespondingSourceObject: {fileID: 0}
  m_PrefabInstance: {fileID: 0}
  m_PrefabAsset: {fileID: 0}
  serializedVersion: 6
  m_Component:
  - component: {fileID: 8648325792247803921}
  - component: {fileID: 8648325792247803922}
  m_Layer: 0
  m_Name: Spawner
  m_TagString: Untagged
  m_Icon: {fileID: 0}
  m_NavMeshLayer: 0
  m_StaticEditorFlags: 0
  m_IsActive: 1
--- !u!4 &8648325792247803921
Transform:
  m_ObjectHideFlags: 0
  m_CorrespondingSourceObject: {fileID: 0}
  m_PrefabInstance: {fileID: 0}
  m_PrefabAsset: {fileID: 0}
  m_GameObject: {fileID: 8648325792247803923}
  m_LocalRotation: {x: 0, y: 0, z: 0, w: 1}
  m_LocalPosition: {x: -16.4, y: 34.81, z: 0}
  m_LocalScale: {x: 1, y: 1, z: 1}
  m_ConstrainProportionsScale: 0
  m_Children:
  - {fileID: 6938509184774474149}
  - {fileID: 3832981053493583834}
  m_Father: {fileID: 0}
  m_RootOrder: 0
  m_LocalEulerAnglesHint: {x: 0, y: 0, z: 0}
--- !u!114 &8648325792247803922
MonoBehaviour:
  m_ObjectHideFlags: 0
  m_CorrespondingSourceObject: {fileID: 0}
  m_PrefabInstance: {fileID: 0}
  m_PrefabAsset: {fileID: 0}
  m_GameObject: {fileID: 8648325792247803923}
  m_Enabled: 1
  m_EditorHideFlags: 0
  m_Script: {fileID: 11500000, guid: 74501daffeae57ef785dede3bd520dc1, type: 3}
  m_Name: 
  m_EditorClassIdentifier: 
  timeBetweenBursts: {x: 4, y: 6}
  burstSize: {x: 2, y: 6}
  itemProbability: 0.5
  width: 10
  height: 2
  directionAngle: 45
  force: 20
  maxAngularVelocity: 50
  spawnsItems:
  - prefab: {fileID: 421448158128128332, guid: b1cc25bef282ef9bba893770b589c6b5, type: 3}
    spawnProbability: 1
    maxSpawns: -1
  garbagePool: {fileID: 1603960961643841587}
  garbageSpawnNoise: {fileID: 8300000, guid: 2a821b44805b7bba9a273b6f798cc0f9, type: 3}
  itemSpawnNoise: {fileID: 8300000, guid: 793098e7cd2ec0b1e956f88d54c6326d, type: 3}
  burstParticles: {fileID: 4034687461645247846}
--- !u!1001 &3837012286087452876
PrefabInstance:
  m_ObjectHideFlags: 0
  serializedVersion: 2
  m_Modification:
    m_TransformParent: {fileID: 8648325792247803921}
    m_Modifications:
    - target: {fileID: 1985655064596568, guid: a9726ee302999a84ea27e4657abb703f, type: 3}
      propertyPath: m_Name
      value: burst_effect
      objectReference: {fileID: 0}
    - target: {fileID: 4140406644459286, guid: a9726ee302999a84ea27e4657abb703f, type: 3}
      propertyPath: m_RootOrder
      value: 1
      objectReference: {fileID: 0}
    - target: {fileID: 4140406644459286, guid: a9726ee302999a84ea27e4657abb703f, type: 3}
      propertyPath: m_LocalPosition.x
      value: 0
      objectReference: {fileID: 0}
    - target: {fileID: 4140406644459286, guid: a9726ee302999a84ea27e4657abb703f, type: 3}
      propertyPath: m_LocalPosition.y
      value: 2.12
      objectReference: {fileID: 0}
    - target: {fileID: 4140406644459286, guid: a9726ee302999a84ea27e4657abb703f, type: 3}
      propertyPath: m_LocalPosition.z
      value: 0
      objectReference: {fileID: 0}
    - target: {fileID: 4140406644459286, guid: a9726ee302999a84ea27e4657abb703f, type: 3}
      propertyPath: m_LocalRotation.w
      value: 0
      objectReference: {fileID: 0}
    - target: {fileID: 4140406644459286, guid: a9726ee302999a84ea27e4657abb703f, type: 3}
      propertyPath: m_LocalRotation.x
      value: 0
      objectReference: {fileID: 0}
    - target: {fileID: 4140406644459286, guid: a9726ee302999a84ea27e4657abb703f, type: 3}
      propertyPath: m_LocalRotation.y
      value: 0.70710677
      objectReference: {fileID: 0}
    - target: {fileID: 4140406644459286, guid: a9726ee302999a84ea27e4657abb703f, type: 3}
      propertyPath: m_LocalRotation.z
      value: -0.70710677
      objectReference: {fileID: 0}
    - target: {fileID: 4140406644459286, guid: a9726ee302999a84ea27e4657abb703f, type: 3}
      propertyPath: m_LocalEulerAnglesHint.x
      value: -270
      objectReference: {fileID: 0}
    - target: {fileID: 4140406644459286, guid: a9726ee302999a84ea27e4657abb703f, type: 3}
      propertyPath: m_LocalEulerAnglesHint.y
      value: -90
      objectReference: {fileID: 0}
    - target: {fileID: 4140406644459286, guid: a9726ee302999a84ea27e4657abb703f, type: 3}
      propertyPath: m_LocalEulerAnglesHint.z
      value: 90
      objectReference: {fileID: 0}
    - target: {fileID: 198677932445220266, guid: a9726ee302999a84ea27e4657abb703f, type: 3}
      propertyPath: looping
      value: 0
      objectReference: {fileID: 0}
    - target: {fileID: 198677932445220266, guid: a9726ee302999a84ea27e4657abb703f, type: 3}
      propertyPath: prewarm
      value: 0
      objectReference: {fileID: 0}
    - target: {fileID: 198677932445220266, guid: a9726ee302999a84ea27e4657abb703f, type: 3}
      propertyPath: lengthInSec
      value: 3
      objectReference: {fileID: 0}
    - target: {fileID: 198677932445220266, guid: a9726ee302999a84ea27e4657abb703f, type: 3}
      propertyPath: playOnAwake
      value: 1
      objectReference: {fileID: 0}
    - target: {fileID: 198677932445220266, guid: a9726ee302999a84ea27e4657abb703f, type: 3}
      propertyPath: ShapeModule.type
      value: 8
      objectReference: {fileID: 0}
    - target: {fileID: 198677932445220266, guid: a9726ee302999a84ea27e4657abb703f, type: 3}
      propertyPath: ShapeModule.angle
      value: 20
      objectReference: {fileID: 0}
    - target: {fileID: 198677932445220266, guid: a9726ee302999a84ea27e4657abb703f, type: 3}
      propertyPath: ShapeModule.length
      value: 8
      objectReference: {fileID: 0}
    - target: {fileID: 198677932445220266, guid: a9726ee302999a84ea27e4657abb703f, type: 3}
      propertyPath: InitialModule.size3D
      value: 0
      objectReference: {fileID: 0}
    - target: {fileID: 198677932445220266, guid: a9726ee302999a84ea27e4657abb703f, type: 3}
      propertyPath: NoiseModule.frequency
      value: 1
      objectReference: {fileID: 0}
    - target: {fileID: 198677932445220266, guid: a9726ee302999a84ea27e4657abb703f, type: 3}
      propertyPath: ShapeModule.radius.value
      value: 5
      objectReference: {fileID: 0}
    - target: {fileID: 198677932445220266, guid: a9726ee302999a84ea27e4657abb703f, type: 3}
      propertyPath: EmissionModule.m_BurstCount
      value: 1
      objectReference: {fileID: 0}
    - target: {fileID: 198677932445220266, guid: a9726ee302999a84ea27e4657abb703f, type: 3}
      propertyPath: NoiseModule.strength.scalar
      value: 0.4
      objectReference: {fileID: 0}
    - target: {fileID: 198677932445220266, guid: a9726ee302999a84ea27e4657abb703f, type: 3}
      propertyPath: ShapeModule.radiusThickness
      value: 1
      objectReference: {fileID: 0}
    - target: {fileID: 198677932445220266, guid: a9726ee302999a84ea27e4657abb703f, type: 3}
      propertyPath: InitialModule.startSize.scalar
      value: 10
      objectReference: {fileID: 0}
    - target: {fileID: 198677932445220266, guid: a9726ee302999a84ea27e4657abb703f, type: 3}
      propertyPath: InitialModule.startSpeed.scalar
      value: 20
      objectReference: {fileID: 0}
    - target: {fileID: 198677932445220266, guid: a9726ee302999a84ea27e4657abb703f, type: 3}
      propertyPath: InitialModule.startSize.minScalar
      value: 6
      objectReference: {fileID: 0}
    - target: {fileID: 198677932445220266, guid: a9726ee302999a84ea27e4657abb703f, type: 3}
      propertyPath: EmissionModule.m_Bursts.Array.size
      value: 1
      objectReference: {fileID: 0}
    - target: {fileID: 198677932445220266, guid: a9726ee302999a84ea27e4657abb703f, type: 3}
      propertyPath: EmissionModule.rateOverTime.scalar
      value: 0
      objectReference: {fileID: 0}
    - target: {fileID: 198677932445220266, guid: a9726ee302999a84ea27e4657abb703f, type: 3}
      propertyPath: InitialModule.startLifetime.scalar
      value: 0.8
      objectReference: {fileID: 0}
    - target: {fileID: 198677932445220266, guid: a9726ee302999a84ea27e4657abb703f, type: 3}
      propertyPath: InitialModule.startSpeed.minScalar
      value: 15
      objectReference: {fileID: 0}
    - target: {fileID: 198677932445220266, guid: a9726ee302999a84ea27e4657abb703f, type: 3}
      propertyPath: InitialModule.startColor.maxColor.a
      value: 0.7058824
      objectReference: {fileID: 0}
    - target: {fileID: 198677932445220266, guid: a9726ee302999a84ea27e4657abb703f, type: 3}
      propertyPath: InitialModule.startColor.maxColor.b
      value: 0.17254902
      objectReference: {fileID: 0}
    - target: {fileID: 198677932445220266, guid: a9726ee302999a84ea27e4657abb703f, type: 3}
      propertyPath: InitialModule.startColor.maxColor.g
      value: 0.19166508
      objectReference: {fileID: 0}
    - target: {fileID: 198677932445220266, guid: a9726ee302999a84ea27e4657abb703f, type: 3}
      propertyPath: InitialModule.startColor.maxColor.r
      value: 0.27450982
      objectReference: {fileID: 0}
    - target: {fileID: 198677932445220266, guid: a9726ee302999a84ea27e4657abb703f, type: 3}
      propertyPath: InitialModule.startColor.minColor.a
      value: 0.627451
      objectReference: {fileID: 0}
    - target: {fileID: 198677932445220266, guid: a9726ee302999a84ea27e4657abb703f, type: 3}
      propertyPath: InitialModule.startColor.minColor.b
      value: 0.09019608
      objectReference: {fileID: 0}
    - target: {fileID: 198677932445220266, guid: a9726ee302999a84ea27e4657abb703f, type: 3}
      propertyPath: InitialModule.startColor.minColor.g
      value: 0.34117648
      objectReference: {fileID: 0}
    - target: {fileID: 198677932445220266, guid: a9726ee302999a84ea27e4657abb703f, type: 3}
      propertyPath: InitialModule.startColor.minColor.r
      value: 0.24840304
      objectReference: {fileID: 0}
    - target: {fileID: 198677932445220266, guid: a9726ee302999a84ea27e4657abb703f, type: 3}
      propertyPath: InitialModule.startLifetime.minScalar
      value: 0.4
      objectReference: {fileID: 0}
    - target: {fileID: 198677932445220266, guid: a9726ee302999a84ea27e4657abb703f, type: 3}
      propertyPath: ColorModule.gradient.maxGradient.atime1
      value: 50115
      objectReference: {fileID: 0}
    - target: {fileID: 198677932445220266, guid: a9726ee302999a84ea27e4657abb703f, type: 3}
      propertyPath: ColorModule.gradient.maxGradient.key0.a
      value: 1
      objectReference: {fileID: 0}
    - target: {fileID: 198677932445220266, guid: a9726ee302999a84ea27e4657abb703f, type: 3}
      propertyPath: EmissionModule.m_Bursts.Array.data[0].cycleCount
      value: 1
      objectReference: {fileID: 0}
    - target: {fileID: 198677932445220266, guid: a9726ee302999a84ea27e4657abb703f, type: 3}
      propertyPath: EmissionModule.m_Bursts.Array.data[0].probability
      value: 1
      objectReference: {fileID: 0}
    - target: {fileID: 198677932445220266, guid: a9726ee302999a84ea27e4657abb703f, type: 3}
      propertyPath: EmissionModule.m_Bursts.Array.data[0].repeatInterval
      value: 0.01
      objectReference: {fileID: 0}
    - target: {fileID: 198677932445220266, guid: a9726ee302999a84ea27e4657abb703f, type: 3}
      propertyPath: EmissionModule.m_Bursts.Array.data[0].countCurve.scalar
      value: 60
      objectReference: {fileID: 0}
    - target: {fileID: 198677932445220266, guid: a9726ee302999a84ea27e4657abb703f, type: 3}
      propertyPath: EmissionModule.m_Bursts.Array.data[0].countCurve.minScalar
      value: 30
      objectReference: {fileID: 0}
    - target: {fileID: 198677932445220266, guid: a9726ee302999a84ea27e4657abb703f, type: 3}
      propertyPath: EmissionModule.m_Bursts.Array.data[0].countCurve.maxCurve.m_PreInfinity
      value: 2
      objectReference: {fileID: 0}
    - target: {fileID: 198677932445220266, guid: a9726ee302999a84ea27e4657abb703f, type: 3}
      propertyPath: EmissionModule.m_Bursts.Array.data[0].countCurve.minCurve.m_PreInfinity
      value: 2
      objectReference: {fileID: 0}
    - target: {fileID: 198677932445220266, guid: a9726ee302999a84ea27e4657abb703f, type: 3}
      propertyPath: EmissionModule.m_Bursts.Array.data[0].countCurve.maxCurve.m_PostInfinity
      value: 2
      objectReference: {fileID: 0}
    - target: {fileID: 198677932445220266, guid: a9726ee302999a84ea27e4657abb703f, type: 3}
      propertyPath: EmissionModule.m_Bursts.Array.data[0].countCurve.minCurve.m_PostInfinity
      value: 2
      objectReference: {fileID: 0}
    - target: {fileID: 198677932445220266, guid: a9726ee302999a84ea27e4657abb703f, type: 3}
      propertyPath: EmissionModule.m_Bursts.Array.data[0].countCurve.maxCurve.m_RotationOrder
      value: 4
      objectReference: {fileID: 0}
    - target: {fileID: 198677932445220266, guid: a9726ee302999a84ea27e4657abb703f, type: 3}
      propertyPath: EmissionModule.m_Bursts.Array.data[0].countCurve.minCurve.m_RotationOrder
      value: 4
      objectReference: {fileID: 0}
    - target: {fileID: 198677932445220266, guid: a9726ee302999a84ea27e4657abb703f, type: 3}
      propertyPath: EmissionModule.m_Bursts.Array.data[0].countCurve.maxCurve.m_Curve.Array.size
      value: 2
      objectReference: {fileID: 0}
    - target: {fileID: 198677932445220266, guid: a9726ee302999a84ea27e4657abb703f, type: 3}
      propertyPath: EmissionModule.m_Bursts.Array.data[0].countCurve.minCurve.m_Curve.Array.size
      value: 2
      objectReference: {fileID: 0}
    - target: {fileID: 198677932445220266, guid: a9726ee302999a84ea27e4657abb703f, type: 3}
      propertyPath: EmissionModule.m_Bursts.Array.data[0].countCurve.maxCurve.m_Curve.Array.data[1].time
      value: 1
      objectReference: {fileID: 0}
    - target: {fileID: 198677932445220266, guid: a9726ee302999a84ea27e4657abb703f, type: 3}
      propertyPath: EmissionModule.m_Bursts.Array.data[0].countCurve.minCurve.m_Curve.Array.data[1].time
      value: 1
      objectReference: {fileID: 0}
    - target: {fileID: 198677932445220266, guid: a9726ee302999a84ea27e4657abb703f, type: 3}
      propertyPath: EmissionModule.m_Bursts.Array.data[0].countCurve.maxCurve.m_Curve.Array.data[0].value
      value: 1
      objectReference: {fileID: 0}
    - target: {fileID: 198677932445220266, guid: a9726ee302999a84ea27e4657abb703f, type: 3}
      propertyPath: EmissionModule.m_Bursts.Array.data[0].countCurve.maxCurve.m_Curve.Array.data[1].value
      value: 1
      objectReference: {fileID: 0}
    - target: {fileID: 198677932445220266, guid: a9726ee302999a84ea27e4657abb703f, type: 3}
      propertyPath: EmissionModule.m_Bursts.Array.data[0].countCurve.minCurve.m_Curve.Array.data[0].value
      value: 1
      objectReference: {fileID: 0}
    - target: {fileID: 198677932445220266, guid: a9726ee302999a84ea27e4657abb703f, type: 3}
      propertyPath: EmissionModule.m_Bursts.Array.data[0].countCurve.minCurve.m_Curve.Array.data[1].value
      value: 1
      objectReference: {fileID: 0}
    - target: {fileID: 198677932445220266, guid: a9726ee302999a84ea27e4657abb703f, type: 3}
      propertyPath: EmissionModule.m_Bursts.Array.data[0].countCurve.maxCurve.m_Curve.Array.data[0].inWeight
      value: 0.33333334
      objectReference: {fileID: 0}
    - target: {fileID: 198677932445220266, guid: a9726ee302999a84ea27e4657abb703f, type: 3}
      propertyPath: EmissionModule.m_Bursts.Array.data[0].countCurve.maxCurve.m_Curve.Array.data[1].inWeight
      value: 0.33333334
      objectReference: {fileID: 0}
    - target: {fileID: 198677932445220266, guid: a9726ee302999a84ea27e4657abb703f, type: 3}
      propertyPath: EmissionModule.m_Bursts.Array.data[0].countCurve.minCurve.m_Curve.Array.data[0].inWeight
      value: 0.33333334
      objectReference: {fileID: 0}
    - target: {fileID: 198677932445220266, guid: a9726ee302999a84ea27e4657abb703f, type: 3}
      propertyPath: EmissionModule.m_Bursts.Array.data[0].countCurve.minCurve.m_Curve.Array.data[1].inWeight
      value: 0.33333334
      objectReference: {fileID: 0}
    - target: {fileID: 198677932445220266, guid: a9726ee302999a84ea27e4657abb703f, type: 3}
      propertyPath: EmissionModule.m_Bursts.Array.data[0].countCurve.maxCurve.m_Curve.Array.data[0].outWeight
      value: 0.33333334
      objectReference: {fileID: 0}
    - target: {fileID: 198677932445220266, guid: a9726ee302999a84ea27e4657abb703f, type: 3}
      propertyPath: EmissionModule.m_Bursts.Array.data[0].countCurve.maxCurve.m_Curve.Array.data[1].outWeight
      value: 0.33333334
      objectReference: {fileID: 0}
    - target: {fileID: 198677932445220266, guid: a9726ee302999a84ea27e4657abb703f, type: 3}
      propertyPath: EmissionModule.m_Bursts.Array.data[0].countCurve.minCurve.m_Curve.Array.data[0].outWeight
      value: 0.33333334
      objectReference: {fileID: 0}
    - target: {fileID: 198677932445220266, guid: a9726ee302999a84ea27e4657abb703f, type: 3}
      propertyPath: EmissionModule.m_Bursts.Array.data[0].countCurve.minCurve.m_Curve.Array.data[1].outWeight
      value: 0.33333334
      objectReference: {fileID: 0}
    - target: {fileID: 199780847256873614, guid: a9726ee302999a84ea27e4657abb703f, type: 3}
      propertyPath: m_SortingLayer
      value: 2
      objectReference: {fileID: 0}
    - target: {fileID: 199780847256873614, guid: a9726ee302999a84ea27e4657abb703f, type: 3}
      propertyPath: m_SortingOrder
      value: -11
      objectReference: {fileID: 0}
    - target: {fileID: 199780847256873614, guid: a9726ee302999a84ea27e4657abb703f, type: 3}
      propertyPath: m_SortingLayerID
      value: -1829531043
      objectReference: {fileID: 0}
    - target: {fileID: 199780847256873614, guid: a9726ee302999a84ea27e4657abb703f, type: 3}
      propertyPath: m_Materials.Array.size
      value: 1
      objectReference: {fileID: 0}
    m_RemovedComponents: []
  m_SourcePrefab: {fileID: 100100000, guid: a9726ee302999a84ea27e4657abb703f, type: 3}
--- !u!4 &3832981053493583834 stripped
Transform:
  m_CorrespondingSourceObject: {fileID: 4140406644459286, guid: a9726ee302999a84ea27e4657abb703f, type: 3}
  m_PrefabInstance: {fileID: 3837012286087452876}
  m_PrefabAsset: {fileID: 0}
--- !u!198 &4034687461645247846 stripped
ParticleSystem:
  m_CorrespondingSourceObject: {fileID: 198677932445220266, guid: a9726ee302999a84ea27e4657abb703f, type: 3}
  m_PrefabInstance: {fileID: 3837012286087452876}
  m_PrefabAsset: {fileID: 0}
